<collection xmlns="http://www.loc.gov/MARC21/slim">
<record>
  <leader>01121nam0a2200241 i 450 </leader>
  <controlfield tag="001">IT\ICCU\CNCE\010707</controlfield>
  <controlfield tag="005">20171004000000.0</controlfield>
  <datafield tag="012" ind1=" " ind2=" ">
    <subfield code="a">nini nono nini qula (C) 1534 (R)</subfield>
    <subfield code="2">fei</subfield>
  </datafield>
  <datafield tag="100" ind1=" " ind2=" ">
    <subfield code="a">19970101d1534        0itac0103    ba</subfield>
  </datafield>
  <datafield tag="101" ind1=" " ind2=" ">
    <subfield code="a">ITA</subfield>
  </datafield>
  <datafield tag="102" ind1=" " ind2=" ">
    <subfield code="a">IT</subfield>
  </datafield>
  <datafield tag="200" ind1="1" ind2=" ">
    <subfield code="a">℗Il ℗successo de tutti gli fatti che fece il duca di Barbone \!! in Italia, con il nome de li capitani, con la presa di Roma. Per Eustachio Celebrino composto. Nuouamente stampato</subfield>
  </datafield>
  <datafield tag="210" ind1=" " ind2=" ">
    <subfield code="d">1534</subfield>
    <subfield code="e">In Vinegia</subfield>
    <subfield code="g">per Mapheo Pasini nelle case noue a santo Moyse</subfield>
    <subfield code="h">1534</subfield>
  </datafield>
  <datafield tag="215" ind1=" " ind2=" ">
    <subfield code="a">\16! c.</subfield>
    <subfield code="d">8ʻ</subfield>
  </datafield>
  <datafield tag="620" ind1=" " ind2=" ">
    <subfield code="a">IT</subfield>
    <subfield code="d">Venezia</subfield>
  </datafield>
  <datafield tag="700" ind1=" " ind2="1">
    <subfield code="a">Celebrino,</subfield>
    <subfield code="b">Eustachio</subfield>
    <subfield code="3">IT\ICCU\CNCA\002893</subfield>
  </datafield>
  <datafield tag="712" ind1="0" ind2="0">
    <subfield code="a">Pasini, Maffeo</subfield>
    <subfield code="3">IT\ICCU\CNCT\000061</subfield>
    <subfield code="4">650</subfield>
  </datafield>
  <datafield tag="790" ind1=" " ind2="1">
    <subfield code="a">Cellebrino,</subfield>
    <subfield code="b">Eustachio</subfield>
    <subfield code="3">IT\ICCU\CNCA\002894</subfield>
    <subfield code="z">Celebrino, Eustachio</subfield>
  </datafield>
  <datafield tag="790" ind1=" " ind2="0">
    <subfield code="a">Eustachius</subfield>
    <subfield code="c"> : Utinensis</subfield>
    <subfield code="3">IT\ICCU\CNCA\013119</subfield>
    <subfield code="z">Celebrino, Eustachio</subfield>
  </datafield>
  <datafield tag="791" ind1="0" ind2="0">
    <subfield code="a">Pasinus, Mapheus</subfield>
    <subfield code="3">IT\ICCU\CNCT\005293</subfield>
    <subfield code="z">Pasini, Maffeo</subfield>
  </datafield>
  <datafield tag="801" ind1=" " ind2="3">
    <subfield code="a">IT</subfield>
    <subfield code="b">ICCU</subfield>
    <subfield code="c">20201113</subfield>
  </datafield>
  <datafield tag="899" ind1=" " ind2=" ">
    <subfield code="a">Biblioteca Apostolica Vaticana. Citt ̉del Vaticano</subfield>
    <subfield code="1">EX0001</subfield>
    <subfield code="2">ZCV 01</subfield>
  </datafield>
  <datafield tag="899" ind1=" " ind2=" ">
    <subfield code="a">Biblioteca universitaria Alessandrina. Roma</subfield>
    <subfield code="1">RM0280</subfield>
    <subfield code="2">RML 01</subfield>
  </datafield>
</record>
</collection>
